@article{andreoni_miller_cooperation_1993,
 ISSN = {00130133, 14680297},
 URL = {http://www.jstor.org/stable/2234532},
 doi = {10.2307/2234532},
 author = {James Andreoni and John H. Miller},
 journal = {The Economic Journal},
 number = {418},
 pages = {570--585},
 publisher = {[Royal Economic Society, Wiley]},
 title = {Rational Cooperation in the Finitely Repeated Prisoner's Dilemma: Experimental Evidence},
 volume = {103},
 year = {1993}
}

@Book{asendorpf_recommendations_2016,
  author={Asendorpf, Jens B. and Conner, Mark and de Fruyt, Filip and De Houwer, Jan and Denissen, Jaap J. A. and Fiedler, Klaus and Fiedler, Susann and Funder, David C. and Kliegl, Reinhold and Nosek, Brian A. and Perugini, Marco and Roberts, Brent W. and Schmitt, Manfred and van Aken, Marcel A. G. and Weber, Hannelore and Wicherts, Jelte M.},
  title={Recommendations for increasing replicability in psychology.},
  series={Methodological issues and strategies in clinical research, 4th ed.},
  year={2016},
  publisher={American Psychological Association},
  address={Washington,  DC,  US},
  pages={607-622},
  keywords={*Experimental Replication; *Methodology; *Psychology; *Scientific Communication; Debates},
  isbn={1-4338-2091-9 (Hardcover); 1-4338-2140-0 (Digital (undefined format)); 1-4338-2092-7 (Paperback); 978-1-4338-2091-5 (Hardcover); 978-1-4338-2140-0 (Digital (undefined format)); 978-1-4338-2092-2 (Paperback)},
  doi={10.1037/14805-038},
  url={https://doi.org/10.1037/14805-038}
}

@article{axelrod_evolution_1981,
  title={The evolution of cooperation},
  author={Axelrod, Robert M. and William Donald Hamilton},
  journal={Science},
  volume={211},
  number={4489},
  pages={1390--1396},
  year={1981},
  publisher={American Association for the Advancement of Science}
}

@BOOK{axelrod_cooperation_1984,
  author = {Axelrod, Robert M.},
  title = {The Evolution of Cooperation},
  year = {1984},
  publisher = {Basic Books, Inc.},
  address = {New York}
}

@Manual{bain,
    title = {bain: Bayes Factors for Informative Hypotheses},
    author = {Xin Gu and Herbert Hoijtink and Joris Mulder and Caspar J {van Lissa}},
    year = {2020},
    note = {R package version 0.2.4},
    url = {https://CRAN.R-project.org/package=bain},
  }

@article{baker_reproducibility_2016,
  title={Reproducibility crisis},
  author={Baker, Monya},
  journal={Nature},
  volume={533},
  number={26},
  pages={353--66},
  year={2016},
  doi = {10.1038/533452a}
}

@inbook{barrera_buskens_third_2009,
 ISBN = {9780871543110},
 URL = {http://www.jstor.org/stable/10.7758/9781610446082.6},
 author = {Davide Barrera and Vincent Buskens},
 booktitle = {eTrust: Forming Relationships in the Online World},
 pages = {37--72},
 publisher = {Russell Sage Foundation},
 title = {Third-Party Effects},
 year = {2009}
}

@unpublished{behrens_2019,
  author = {Behrens, Lion and Ellerbrock, Simon and Kuiper, Rebecca M.},
  title = {Bayesian evaluation of informative hypotheses for synthesizing evidence from diverse statistical models},
  note = {Paper prepared for the 9th Annual Conference of the European Political Science Association, Belfast, June 20-22},
  year = {2019}
}

@article{bereby_roth_cooperation_2006,
  Author = {Bereby-Meyer, Yoella and Roth, Alvin E.},
  Title = {The Speed of Learning in Noisy Games: Partial Reinforcement and the   Sustainability of Cooperation},
  Journal = {American Economic Review},
  Volume = {96},
  Number = {4},
  Year = {2006},
  Month = {September},
  Pages = {1029-1042},
  DOI = {10.1257/aer.96.4.1029},
  URL = {https://www.aeaweb.org/articles?id=10.1257/aer.96.4.1029}
}

@book{binmore_playing_2007,
  title={Playing for real: a text on game theory},
  author={Binmore, Ken},
  year={2007},
  publisher={Oxford university press}
}

@article{bolton_electronic_2004,
  author = {Bolton, Gary E. and Katok, Elena and Ockenfels, Axel},
  title = {How Effective Are Electronic Reputation Mechanisms? An Experimental Investigation},
  journal = {Management Science},
  volume = {50},
  number = {11},
  pages = {1587-1602},
  year = {2004},
  doi = {10.1287/mnsc.1030.0199},
  URL = {https://doi.org/10.1287/mnsc.1030.0199},
  eprint = {https://doi.org/10.1287/mnsc.1030.0199},
}

@article{brandt_et_al_replication_2014,
  title={The replication recipe: What makes for a convincing replication?},
  author={Brandt, Mark J and IJzerman, Hans and Dijksterhuis, Ap and Farach, Frank J and Geller, Jason and Giner-Sorolla, Roger and Grange, James A and Perugini, Marco and Spies, Jeffrey R and Van't Veer, Anna},
  journal={Journal of Experimental Social Psychology},
  volume={50},
  pages={217--224},
  year={2014},
  publisher={Elsevier},
  doi = {10.1016/j.jesp.2013.10.005}
}

@article{brown_etal_relational_2004,
  author = {Brown, Martin and Falk, Armin and Fehr, Ernst},
  title = {Relational Contracts and the Nature of Market Interactions},
  journal = {Econometrica},
  volume = {72},
  number = {3},
  pages = {747-780},
  keywords = {Relational contracts, implicit contracts, market interaction, involuntary unemployment, repeated transaction, fairness preferences},
  doi = {10.1111/j.1468-0262.2004.00511.x},
  url = {https://onlinelibrary.wiley.com/doi/abs/10.1111/j.1468-0262.2004.00511.x},
  eprint = {https://onlinelibrary.wiley.com/doi/pdf/10.1111/j.1468-0262.2004.00511.x},
  year = {2004}
}

@article{buskens_trust_2003,
  title = {Trust in triads: effects of exit, control, and learning},
  journal = {Games and Economic Behavior},
  volume = {42},
  number = {2},
  pages = {235-252},
  year = {2003},
  issn = {0899-8256},
  doi = {10.1016/S0899-8256(02)00563-8},
  url = {https://www.sciencedirect.com/science/article/pii/S0899825602005638},
  author = {Vincent Buskens},
  keywords = {Trust, Social networks, Non-cooperative game theory},
}

@incollection{buskens_raub_embedded_2002,
	series = {Advances in {Group} {Processes}},
	title = {Embedded trust: {Control} and learning},
	volume = {19},
	isbn = {978-0-7623-0898-9 978-1-84950-162-0},
	url = {https://doi.org/10.1016/S0882-6145(02)19007-2},
	urldate = {2021-04-06},
	booktitle = {Advances in {Group} {Processes}},
	publisher = {Emerald Group Publishing Limited},
	author = {Buskens, Vincent and Raub, Werner},
	month = jan,
	year = {2002},
	doi = {10.1016/S0882-6145(02)19007-2},
	pages = {167--202}
}

@incollection{buskens_raub_handbook_2013,
  author      = {Buskens, Vincent and Raub, Werner},
  title       = {Rational Choice Research on Social Dilemmas: Embeddedness Effects on Trust},
  editor      = {Wittek, Rafael and Snijders, Tom A. B. and Nee, Victor},
  booktitle   = {The Handbook of Rational Choice Social Research},
  publisher   = {Stanford University Press},
  address     = {Stanford, California},
  year        = {2013},
  pages       = {113--150},
  chapter     = {3},
}

@article{buskens_raub_veer_triads_2010,
  title = {Trust in triads: An experimental study},
  journal = {Social Networks},
  volume = {32},
  number = {4},
  pages = {301-312},
  year = {2010},
  issn = {0378-8733},
  doi = {10.1016/j.socnet.2010.05.001},
  url = {https://www.sciencedirect.com/science/article/pii/S0378873310000213},
  author = {Vincent Buskens and Werner Raub and Joris {van der Veer}},
  keywords = {Control, Embeddedness, Learning, Trust},
}

@article{buskens_weesie_cooperation_2000,
  author = {Vincent Buskens and Jeroen Weesie},
  doi = {doi:10.1515/auk-2000-0103},
  url = {https://doi.org/10.1515/auk-2000-0103},
  title = {Cooperation via Social Networks},
  journal = {Analyse & Kritik},
  number = {1},
  volume = {22},
  year = {2000},
  pages = {44--74}
}
  

@article{buskens_weesie_experiment_2000,
  author = {Vincent Buskens and Jeroen Weesie},
  title ={An experiment on the effects of embeddedness in trust situations: Buying a used car},
  journal = {Rationality and Society},
  volume = {12},
  number = {2},
  pages = {227-253},
  year = {2000},
  doi = {10.1177/104346300012002004},
  URL = {https://doi.org/10.1177/104346300012002004},
  eprint = {https://doi.org/10.1177/104346300012002004},
}
  
@article{camerer_weigelt_sequential_1988,
 ISSN = {00129682, 14680262},
 URL = {http://www.jstor.org/stable/1911840},
 author = {Colin Camerer and Keith Weigelt},
 journal = {Econometrica},
 number = {1},
 pages = {1--36},
 publisher = {[Wiley, Econometric Society]},
 title = {Experimental Tests of a Sequential Equilibrium Reputation Model},
 volume = {56},
 year = {1988},
 doi = {10.2307/1911840}
}

@article{camerer2016evaluating,
  title={Evaluating replicability of laboratory experiments in economics},
  author={Camerer, Colin F and Dreber, Anna and Forsell, Eskil and Ho, Teck-Hua and Huber, J{\"u}rgen and Johannesson, Magnus and Kirchler, Michael and Almenberg, Johan and Altmejd, Adam and Chan, Taizan and others},
  journal={Science},
  volume={351},
  number={6280},
  pages={1433--1436},
  year={2016},
  publisher={American Association for the Advancement of Science}
}

@article{camerer2018evaluating,
  title={Evaluating the replicability of social science experiments in Nature and Science between 2010 and 2015},
  author={Camerer, Colin F and Dreber, Anna and Holzmeister, Felix and Ho, Teck-Hua and Huber, J{\"u}rgen and Johannesson, Magnus and Kirchler, Michael and Nave, Gideon and Nosek, Brian A and Pfeiffer, Thomas and others},
  journal={Nature Human Behaviour},
  volume={2},
  number={9},
  pages={637--644},
  year={2018},
  publisher={Nature Publishing Group}
}

@article{carpenter_altruism_2008,
  title = {Altruistic behavior in a representative dictator experiment},
  author = {Carpenter, Jeffrey and Connolly, Cristina and Myers, Caitlin Knowles},
  journal = {Experimental Economics},
  volume = {11},
  year = {2008},
  pages = {282--298},
  doi = {10.1007/s10683-007-9193-x},
}

@book{chaudhuri_experiments_2009,
  title={Experiments in economics: playing fair with money},
  author={Chaudhuri, Ananish},
  year={2009},
  publisher={Routledge},
  adress = {London},
}

@article{chaudhuri_sustaining_2011,
  title = {Sustaining cooperation in laboratory public goods experiments: a selective survey of the literature},
  author = {Chaudhuri, Ananish},
  journal = {Experimental economics},
  volume = {14},
  number = {1},
  pages = {47--83},
  year = {2011},
  publisher = {Springer},
  doi = {10.1007/s10683-010-9257-1}
}

@article{chib_marginal_1995,
  author = {Chib, Siddhartha},
  title = {Marginal Likelihood from the Gibbs Output},
  journal = {Journal of the American Statistical Association},
  volume = {90},
  number = {432},
  pages = {1313-1321},
  year  = {1995},
  publisher = {Taylor & Francis},
  doi = {10.1080/01621459.1995.10476635},
  URL = {https://amstat.tandfonline.com/doi/abs/10.1080/01621459.1995.10476635},
  eprint = {https://amstat.tandfonline.com/doi/pdf/10.1080/01621459.1995.10476635}
}


@BOOK{cohen_1988,
  author = {Cohen, J.},
  title = {Statistical power analysis for the behavioral sciences},
  publisher = {Lawrence Erlbaum Associates},
  year = {1988},
  edition = {second}
}

@book{cooper_handbook_2009,
  title={The handbook of research synthesis and meta-analysis 2nd edition},
  author={Cooper, Harris and Hedges, Larry Vernon and Valentine, Jeffrey C},
  booktitle={The Hand. of Res. Synthesis and Meta-Analysis, 2nd Ed.},
  pages={1--615},
  year={2009},
  publisher={Russell Sage Foundation}
}

@article{cooper_et_al_cooperation_1996,
  title = {Cooperation without Reputation: Experimental Evidence from Prisoner's Dilemma Games},
  journal = {Games and Economic Behavior},
  volume = {12},
  number = {2},
  pages = {187-218},
  year = {1996},
  issn = {0899-8256},
  doi = {10.1006/game.1996.0013},
  url = {https://www.sciencedirect.com/science/article/pii/S0899825696900135},
  author = {Russell Cooper and Douglas V. DeJong and Robert Forsythe and Thomas W. Ross},
}

@article{corten_etal_reputation_2016,
    doi = {10.1371/journal.pone.0155703},
    author = {Corten, Rense and Rosenkranz, Stephanie and Buskens, Vincent and Cook, Karen S.},
    journal = {PLOS ONE},
    publisher = {Public Library of Science},
    title = {Reputation Effects in Social Networks Do Not Promote Cooperation: An Experimental Test of the Raub & Weesie Model},
    year = {2016},
    month = {07},
    volume = {11},
    url = {https://doi.org/10.1371/journal.pone.0155703},
    pages = {1-17},
    number = {7},
}

@incollection{corten_buskens_cooperation_2020,
  author = {Corten, Rense and Buskens, Vincent and Rosenkranz, Stephanie},
  title = {Cooperation, Reputation Effects, and Network Dynamics: Experimental Evidence},
  editor = {Buskens, Vincent and Corten, Rense and Snijders, Chris},
  booktitle = {Advances in the Sociology of Trust and Cooperation},
  publisher = {De Gruyter},
  year = {2020},
  pages = {391--416},
  chapter = {17},
  doi = {10.1515/9783110647495-017}
}

@article{cumming_new_2014,
  title={The new statistics: Why and how},
  author={Cumming, Geoff},
  journal={Psychological science},
  volume={25},
  number={1},
  pages={7--29},
  year={2014},
  publisher={Sage Publications Sage CA: Los Angeles, CA},
  doi = {10.1177/0956797613504966}
}

@article{dal_bó_cooperation_2005,
  title = {Cooperation under the shadow of the future: Experimental evidence from infinitely repeated games},
  author = {Dal Bó, Pedro},
  journal = {The American Economic Review},
  volume = {95},
  pages = {1591--1604},
  year = {2005},
  doi = {10.1257/000282805775014434}
}

@article{dal_bó_etal_institutions_2010,
  Author = {Dal Bó, Pedro and Foster, Andrew and Putterman, Louis},
  Title = {Institutions and Behavior: Experimental Evidence on the Effects of Democracy},
  Journal = {American Economic Review},
  Volume = {100},
  Number = {5},
  Year = {2010},
  Month = {December},
  Pages = {2205-29},
  DOI = {10.1257/aer.100.5.2205},
  URL = {https://www.aeaweb.org/articles?id=10.1257/aer.100.5.2205}
}

@article{dal_bó_fréchette_evolution_2011,
Author = {Dal Bó, Pedro and Fréchette, Guillaume R.},
Title = {The Evolution of Cooperation in Infinitely Repeated Games: Experimental Evidence},
Journal = {American Economic Review},
Volume = {101},
Number = {1},
Year = {2011},
Month = {February},
Pages = {411-29},
DOI = {10.1257/aer.101.1.411},
URL = {https://www.aeaweb.org/articles?id=10.1257/aer.101.1.411}}

@article{dal_bó_fréchette_determinants_2018,
  title = {On the determinants of cooperation in infinitely repeated games: A survey},
  author = {Dal Bó, Pedro and Fréchette, Guillaume R.},
  journal = {Journal of Economic Literature},
  volume = {56},
  pages = {60--114},
  year = {2018},
  doi = {10.1257/jel.20160980}
}

@inproceedings{difallah_etal_mechanical_turk_2018,
  author = {Difallah, Djellel and Filatova, Elena and Ipeirotis, Panos},
  title = {Demographics and Dynamics of Mechanical Turk Workers},
  year = {2018},
  isbn = {9781450355810},
  publisher = {Association for Computing Machinery},
  address = {New York, NY, USA},
  url = {https://doi.org/10.1145/3159652.3159661},
  doi = {10.1145/3159652.3159661},
  booktitle = {Proceedings of the Eleventh ACM International Conference on Web Search and Data Mining},
  pages = {135–143},
  numpages = {9},
  keywords = {amazon mechanical turk, selection bias, demographics, surveys, capture-recapture, dynamics, crowdsourcing},
  location = {Marina Del Rey, CA, USA},
  series = {WSDM '18}
}

@article{dreber_etal_altruism_2014,
  title = {Who cooperates in repeated games: The role of altruism, inequity aversion, and demographics},
  journal = {Journal of Economic Behavior & Organization},
  volume = {98},
  pages = {41-55},
  year = {2014},
  issn = {0167-2681},
  doi = {10.1016/j.jebo.2013.12.007},
  url = {https://www.sciencedirect.com/science/article/pii/S0167268113003053},
  author = {Anna Dreber and Drew Fudenberg and David G. Rand},
  keywords = {Cooperation, Prisoner's dilemma, Altruism, Social preferences, Dictator game, Inequity aversion, Survey},
}

@article{embrey_etal_cooperation_2018,
    author = {Embrey, Matthew and Fréchette, Guillaume R and Yuksel, Sevgi},
    title = "{Cooperation in the Finitely Repeated Prisoner’s Dilemma}",
    journal = {The Quarterly Journal of Economics},
    volume = {133},
    number = {1},
    pages = {509-551},
    year = {2018},
    month = {08},
    issn = {0033-5533},
    doi = {10.1093/qje/qjx033},
    url = {https://doi.org/10.1093/qje/qjx033},
    eprint = {https://academic.oup.com/qje/article-pdf/133/1/509/30636532/qjx033\_supp.pdf},
}

@article{falk_heckman_experiments_2009,
	author = {Falk, Armin and Heckman, James J.},
	title = {Lab Experiments Are a Major Source of Knowledge in the Social Sciences},
	volume = {326},
	number = {5952},
	pages = {535--538},
	year = {2009},
	doi = {10.1126/science.1168244},
	publisher = {American Association for the Advancement of Science},
	issn = {0036-8075},
	URL = {https://science.sciencemag.org/content/326/5952/535},
	eprint = {https://science.sciencemag.org/content/326/5952/535.full.pdf},
	journal = {Science}
}

@article{fazio_presentation_2019,
  title = {Repetition increases perceived truth equally for plausible and implausible statements},
  author = {Fazio, Lisa K and Rand, David G and Pennycook, Gordon},
  journal = {Psychonomic bulletin \& review},
  volume = {26},
  number = {5},
  pages = {1705--1710},
  year = {2019},
  publisher = {Springer},
  doi = {10.3758/s13423-019-01651-4}
}

@article{fehr_schmidt_fairness_1999,
    author = {Fehr, Ernst and Schmidt, Klaus M.},
    title = "{A Theory of Fairness, Competition, and Cooperation}",
    journal = {The Quarterly Journal of Economics},
    volume = {114},
    number = {3},
    pages = {817-868},
    year = {1999},
    month = {08},
    issn = {0033-5533},
    doi = {10.1162/003355399556151},
    url = {https://doi.org/10.1162/003355399556151},
    eprint = {https://academic.oup.com/qje/article-pdf/114/3/817/5228571/114-3-817.pdf},
}


@article{frey_buskens_investments_2019,
  title = {Investments in and returns on network embeddedness: An experiment with trust games},
  journal = {Social Networks},
  volume = {56},
  pages = {81-92},
  year = {2019},
  issn = {0378-8733},
  doi = {10.1016/j.socnet.2018.07.006},
  url = {https://www.sciencedirect.com/science/article/pii/S0378873315302008},
  author = {Vincenz Frey and Vincent Buskens and Rense Corten},
}

@article{frey_rijt_arbitrary_2017,
  title = {Arbitrary inequality in reputation systems},
  author = {Frey, Vincenz and Van De Rijt, Arnout},
  journal = {Scientific reports},
  volume = {6},
  number = {1},
  pages = {1--5},
  year = {2016},
  publisher = {Nature Publishing Group},
  doi = {10.1038/srep38304}
}

@article{friedman_oprea_continuous_2012,
  author = {Friedman, Daniel and Oprea, Ryan},
  title = {A Continuous Dilemma},
  journal = {American Economic Review},
  volume = {102},
  number = {1},
  year = {2012},
  month = {February},
  pages = {337-63},
  doi = {10.1257/aer.102.1.337},
  URL = {https://www.aeaweb.org/articles?id=10.1257/aer.102.1.337}
}

@article{gelman_loken_garden_2014,
  title={The statistical crisis in science: data-dependent analysis--a" garden of forking paths"--explains why many statistically significant comparisons don't hold up},
  author={Gelman, Andrew and Loken, Eric},
  journal={American scientist},
  volume={102},
  number={6},
  pages={460--466},
  year={2014},
  publisher={Sigma Xi, The Scientific Research Society}
}

@incollection{glasauer_sequential_2019,
  title = "Sequential Bayesian updating as a model for human perception",
  editor = "Stefano Ramat and Aasef G. Shaikh",
  series = "Progress in Brain Research",
  publisher = "Elsevier",
  volume = "249",
  pages = "3 - 18",
  year = "2019",
  booktitle = "Mathematical Modelling in Motor Neuroscience: State of the Art and Translation to the Clinic. Gaze Orienting Mechanisms and Disease",
  issn = "0079-6123",
  doi = "10.1016/bs.pbr.2019.04.025",
  url = "http://www.sciencedirect.com/science/article/pii/S0079612319301013",
  author = "Stefan Glasauer",
}

@article{granovetter_economic_1985,
  title={Economic action and social structure: The problem of embeddedness},
  author={Granovetter, Mark},
  journal={American journal of sociology},
  volume={91},
  number={3},
  pages={481--510},
  year={1985},
  publisher={University of Chicago Press},
  url={https://www.jstor.org/stable/2780199}
}

@article{gu_approximated_2018,
  author = {Gu, Xin and Mulder, Joris and Hoijtink, Herbert},
  title = {Approximated adjusted fractional Bayes factors: A general method for testing informative hypotheses},
  journal = {British Journal of Mathematical and Statistical Psychology},
  volume = {71},
  number = {2},
  pages = {229-261},
  keywords = {fractional Bayes factor, informative hypothesis, normal approximation, prior sensitivity},
  doi = {10.1111/bmsp.12110},
  url = {https://bpspsychub.onlinelibrary.wiley.com/doi/abs/10.1111/bmsp.12110},
  eprint = {https://bpspsychub.onlinelibrary.wiley.com/doi/pdf/10.1111/bmsp.12110},
  year = {2018}
}

@article{gurerk_cooperation_2014,
  title = {On cooperation in open communities},
  journal = {Journal of Public Economics},
  volume = {120},
  pages = {220-230},
  year = {2014},
  issn = {0047-2727},
  doi = {10.1016/j.jpubeco.2014.10.001},
  url = {https://www.sciencedirect.com/science/article/pii/S0047272714002060},
  author = {Özgür Gürerk and Bernd Irlenbusch and Bettina Rockenbach},
  keywords = {Open communities, Endogenous grouping, Voting with feet, Cooperation, Social dilemmas, Punishment},
}

@article{hardin_tragedy_1968,
  title = {The Tragedy of the Commons},
  author = {Hardin, Garrett},
  journal = {Science},
  year = {1968},
  volume = {162},
  pages = {1243-1248},
  doi = {10.1126/science.162.3859.1243}
}

@article{hauk_nagel_choice_2001,
  author = {Esther Hauk and Rosemarie Nagel},
  title ={Choice of Partners in Multiple Two-Person Prisoner's Dilemma Games: An Experimental Study},
  journal = {Journal of Conflict Resolution},
  volume = {45},
  number = {6},
  pages = {770-793},
  year = {2001},
  doi = {10.1177/0022002701045006004},
  URL = {https://doi.org/10.1177/0022002701045006004},
  eprint = {https://doi.org/10.1177/0022002701045006004}
}

@article{hauk_multiple_2003,
  title={Multiple prisoner's dilemma games with (out) an outside option: an experimental study},
  author={Hauk, Esther},
  journal={Theory and Decision},
  volume={54},
  number={3},
  pages={207--229},
  year={2003},
  publisher={Springer},
  doi = {10.1023/A:1027385819400}
}

@article{hayashi_etal_reciprocity_1999,
  author = {Nahoko Hayashi and Elinor Ostrom and James Walker and Toshio Yamagishi},
  title = {Reciprocity, trust, and the sense of control: A cross-societal study},
  journal = {Rationality and Society},
  volume = {11},
  pages = {27-46},
  year = {1999},
  doi = {10.1177/104346399011001002},
  URL = {https://doi.org/10.1177/104346399011001002},
  eprint = {https://doi.org/10.1177/104346399011001002},
}

@misc{hill_1965_environment,
  title={The environment and disease: association or causation?},
  author={Hill, Austin Bradford},
  year={1965},
  publisher={Sage Publications}
}

@book{hirschman_voice_1970,
  address = {Cambridge, Massachusetts},
  author = {Hirschman, {Albert O.}},
  biburl = {https://www.bibsonomy.org/bibtex/2989c973cc4bb553c94411f5a5332745c/fbw_hannover},
  interhash = {ed6ddd3b07595ea84597c5051417f9bb},
  intrahash = {989c973cc4bb553c94411f5a5332745c},
  isbn = {0674276507},
  keywords = {Betriebspsychologie Betriebssoziologie Organisationsverhalten},
  pagetotal = {X, 162},
  ppn_gvk = {11303198X},
  publisher = {Harvard Univ. Press},
  subtitle = {responses to decline in firms, organizations, and states},
  timestamp = {2009-08-21T12:32:04.000+0200},
  title = {Exit, voice, and loyalty},
  year = 1970
}

@book{hoijtink_informative_2012,
  title={Informative hypotheses: Theory and practice for behavioral and social scientists},
  author={Hoijtink, Herbert},
  year={2012},
  publisher={CRC Press}
}

@article{ibrahim_chen_powerprior_2000,
  author = {Ming-Hui Chen and Joseph G. Ibrahim},
  title = {{Power prior distributions for regression models}},
  volume = {15},
  journal = {Statistical Science},
  number = {1},
  publisher = {Institute of Mathematical Statistics},
  pages = {46 -- 60},
  keywords = {Cure rate model, generalized linear model, Gibbs sampling, historical data, Model selection, prior elicitation, proportional hazards model, random effects model},
  year = {2000},
  doi = {10.1214/ss/1009212673},
  URL = {https://doi.org/10.1214/ss/1009212673}
}

@article{jackson_cox_experimental_2013,
  author = {Jackson, Michelle and Cox, D.R.},
  title = {The Principles of Experimental Design and Their Application in Sociology},
  journal = {Annual Review of Sociology},
  volume = {39},
  number = {1},
  pages = {27-49},
  year = {2013},
  doi = {10.1146/annurev-soc-071811-145443},
  URL = {https://doi.org/10.1146/annurev-soc-071811-145443},
  eprint = {https://doi.org/10.1146/annurev-soc-071811-145443},
}

@article{kandori_social_1992,
    author = {Kandori, Michihiro},
    title = "{Social Norms and Community Enforcement}",
    journal = {The Review of Economic Studies},
    volume = {59},
    number = {1},
    pages = {63-80},
    year = {1992},
    month = {01},
    issn = {0034-6527},
    doi = {10.2307/2297925},
    url = {https://doi.org/10.2307/2297925},
    eprint = {https://academic.oup.com/restud/article-pdf/59/1/63/4356950/59-1-63.pdf},
}

@article{kass_raftery_bayes_factors_1995,
  author = { Robert E. Kass and Adrian E. Raftery},
  title = {Bayes Factors},
  journal = {Journal of the American Statistical Association},
  volume = {90},
  number = {430},
  pages = {773-795},
  year  = {1995},
  publisher = {Taylor & Francis},
  doi = {10.1080/01621459.1995.10476572},
  URL = {https://www.tandfonline.com/doi/abs/10.1080/01621459.1995.10476572},
  eprint = {https://www.tandfonline.com/doi/pdf/10.1080/01621459.1995.10476572}
}

@article{klein_etal_replicability_2014,
  author = {Klein, Richard A. and Ratliff, Kate A. and Vianello, Michelangelo and Adams, Reginald B. and Bahník, Štěpán and Bernstein, Michael J. and Bocian, Konrad and Brandt, Mark J. and Brooks, Beach and Brumbaugh, Claudia Chloe and Cemalcilar, Zeynep and Chandler, Jesse and Cheong, Winnee and Davis, William E. and Devos, Thierry and Eisner, Matthew and Frankowska, Natalia and Furrow, David and Galliani, Elisa Maria and Hasselman, Fred and Hicks, Joshua A. and Hovermale, James F. and Hunt, S. Jane and Huntsinger, Jeffrey R. and IJzerman, Hans and John, Melissa-Sue and Joy-Gaba, Jennifer A. and Barry Kappes, Heather and Krueger, Lacy E. and Kurtz, Jaime and Levitan, Carmel A. and Mallett, Robyn K. and Morris, Wendy L. and Nelson, Anthony J. and Nier, Jason A. and Packard, Grant and Pilati, Ronaldo and Rutchick, Abraham M. and Schmidt, Kathleen and Skorinko, Jeanine L. and Smith, Robert and Steiner, Troy G. and Storbeck, Justin and Van Swol, Lyn M. and Thompson, Donna and van ‘t Veer, A. E. and Ann Vaughn, Leigh and Vranka, Marek and Wichman, Aaron L. and Woodzicka, Julie A. and Nosek, Brian A.},
title = {Investigating Variation in Replicability},
  journal = {Social Psychology},
  volume = {45},
  number = {3},
  pages = {142-152},
  year = {2014},
  doi = {10.1027/1864-9335/a000178},
  URL = {https://doi.org/10.1027/1864-9335/a000178},
  eprint = {https://doi.org/10.1027/1864-9335/a000178},
}

@article{klugkist_inequality_2005,
  title={Inequality constrained analysis of variance: a Bayesian approach.},
  author={Klugkist, Irene and Laudy, Olav and Hoijtink, Herbert},
  journal={Psychological methods},
  volume={10},
  number={4},
  pages={477--493},
  year={2005},
  doi={0.1037/1082-989X.10.4.477},
  publisher={American Psychological Association}
}


@article{kollock_emergence_1994,
  author = {Kollock, Peter},
  title = {The Emergence of Exchange Structures: An Experimental Study of Uncertainty, Commitment, and Trust},
  journal = {American Journal of Sociology},
  volume = {100},
  number = {2},
  pages = {313-345},
  year = {1994},
  doi = {10.1086/230539},
  URL = {https://doi.org/10.1086/230539},
  eprint = {https://doi.org/10.1086/230539},
}


@article{kollock_social_1998,
	Author = {Kollock, Peter},
	Doi = {10.1146/annurev.soc.24.1.183},
	Eprint = {https://doi.org/10.1146/annurev.soc.24.1.183},
	Journal = {Annual Review of Sociology},
	Number = {1},
	Pages = {183-214},
	Title = {Social Dilemmas: The Anatomy of Cooperation},
	Url = {https://doi.org/10.1146/annurev.soc.24.1.183},
	Volume = {24},
	Year = {1998},
	Bdsk-Url-1 = {https://doi.org/10.1146/annurev.soc.24.1.183}
}

@article{kreps_wilson_reputation_1982,
  title = {Reputation and imperfect information},
  journal = {Journal of Economic Theory},
  volume = {27},
  number = {2},
  pages = {253-279},
  year = {1982},
  issn = {0022-0531},
  doi = {10.1016/0022-0531(82)90030-8},
  url = {https://www.sciencedirect.com/science/article/pii/0022053182900308},
  author = {David M Kreps and Robert Wilson},
}

@article{kreps_et_al_rational_1982,
  title = {Rational cooperation in the finitely repeated prisoners' dilemma},
  journal = {Journal of Economic Theory},
  volume = {27},
  number = {2},
  pages = {245-252},
  year = {1982},
  issn = {0022-0531},
  doi = {10.1016/0022-0531(82)90029-1},
  url = {https://www.sciencedirect.com/science/article/pii/0022053182900291},
  author = {David M Kreps and Paul Milgrom and John Roberts and Robert Wilson},
}

@article{kruschke_bayesian_2018,
  title={The Bayesian New Statistics: Hypothesis testing, estimation, meta-analysis, and power analysis from a Bayesian perspective},
  author={Kruschke, John K and Liddell, Torrin M},
  journal={Psychonomic Bulletin \& Review},
  volume={25},
  number={1},
  pages={178--206},
  year={2018},
  publisher={Springer},
  doi={10.3758/s13423-016-1221-4}
}

@article{kuiper_combining_2013,
  author = {Rebecca M. Kuiper and Vincent Buskens and Werner Raub and Herbert Hoijtink},
  title ={Combining Statistical Evidence From Several Studies: A Method Using Bayesian Updating and an Example From Research on Trust Problems in Social and Economic Exchange},
  journal = {Sociological Methods \& Research},
  volume = {42},
  number = {1},
  pages = {60-81},
  year = {2013},
  doi = {10.1177/0049124112464867},
  URL = {https://doi.org/10.1177/0049124112464867},
  eprint = {https://doi.org/10.1177/0049124112464867},
}


@article{lawlor_triangulation_2017,
	title = {Triangulation in aetiological epidemiology},
	issn = {0300-5771, 1464-3685},
	url = {https://academic.oup.com/ije/article-lookup/doi/10.1093/ije/dyw314},
	doi = {10.1093/ije/dyw314},
	language = {en},
	urldate = {2020-07-30},
	journal = {International Journal of Epidemiology},
	author = {Lawlor, Debbie A. and Tilling, Kate and Davey Smith, George},
	month = jan,
	year = {2017},
	pages = {dyw314},
	file = {Lawlor e.a. - 2017 - Triangulation in aetiological epidemiology.pdf:files/140/Lawlor e.a. - 2017 - Triangulation in aetiological epidemiology.pdf:application/pdf}
}

@article{lindley_statistical_1957,
  title={A statistical paradox},
  author={Lindley, Dennis V},
  journal={Biometrika},
  volume={44},
  number={1/2},
  pages={187--192},
  year={1957},
  publisher={JSTOR},
  doi={10.2307/2333251}
}

@book{lipsey_wilson_2001,
  title={Practical meta-analysis.},
  author={Lipsey, Mark W and Wilson, David B},
  year={2001},
  publisher={SAGE publications, Inc}
}

@book{luce_raiffa_games_1989,
  title={Games and decisions: Introduction and critical survey},
  author={Luce, R Duncan and Raiffa, Howard},
  year={1989},
  publisher={Courier Corporation},
  edition = {Rev. ed.}
}

@article{mao_resilient_cooperators_2017,
  title={Resilient cooperators stabilize long-run cooperation in the finitely repeated Prisoner’s Dilemma},
  author={Mao, Andrew and Dworkin, Lili and Suri, Siddharth and Watts, Duncan J},
  journal={Nature communications},
  volume={8},
  number={1},
  pages={1--10},
  year={2017},
  publisher={Nature Publishing Group},
  doi={10.1038/ncomms13800}
}

@article{milinski_cooperation_2001,
  author = {Milinski, Manfred  and Semmann, Dirk  and Bakker, Theo C. M.  and Krambeck, Hans-Jürgen },
  title = {Cooperation through indirect reciprocity: image scoring or standing strategy?},
  journal = {Proceedings of the Royal Society of London. Series B: Biological Sciences},
  volume = {268},
  number = {1484},
  pages = {2495-2501},
  year = {2001},
  doi = {10.1098/rspb.2001.1809},
  URL = {https://royalsocietypublishing.org/doi/abs/10.1098/rspb.2001.1809},
  eprint = {https://royalsocietypublishing.org/doi/pdf/10.1098/rspb.2001.1809},
}

@article{miltenburg_buskens_triads_2012,
  title = {Trust in triads: Experience effects},
  journal = {Social Networks},
  volume = {34},
  number = {4},
  pages = {425-428},
  year = {2012},
  issn = {0378-8733},
  doi = {10.1016/j.socnet.2012.01.006},
  url = {https://www.sciencedirect.com/science/article/pii/S0378873312000081},
  author = {Nynke {Van Miltenburg} and Vincent Buskens and Werner Raub},
  keywords = {Control, Embeddedness, Experience, Trust},
}

@article{morris_distinguishing_1998,
  title = {Distinguishing Sources of Cooperation in the One-Round Prisoner's Dilemma: Evidence for Cooperative Decisions Based on the Illusion of Control},
  journal = {Journal of Experimental Social Psychology},
  volume = {34},
  number = {5},
  pages = {494-512},
  year = {1998},
  issn = {0022-1031},
  doi = {10.1006/jesp.1998.1361},
  url = {https://www.sciencedirect.com/science/article/pii/S0022103198913610},
  author = {Michael W. Morris and Damien L.H. Sim and Vittorio Girotto},
}

@incollection{morris_experiments_2014,
  title = {Chapter 8 - Laboratory Experiments in Sociology},
  editor = {Murray Webster and Jane Sell},
  booktitle = {Laboratory Experiments in the Social Sciences (Second Edition)},
  publisher = {Academic Press},
  edition = {Second Edition},
  address = {San Diego},
  pages = {183-197},
  year = {2014},
  isbn = {978-0-12-404681-8},
  doi = {10.1016/B978-0-12-404681-8.00008-X},
  url = {https://www.sciencedirect.com/science/article/pii/B978012404681800008X},
  author = {Zelditch Morris},
}

@article{mulder_equality_2010,
  title = {Equality and inequality constrained multivariate linear models: Objective model selection using constrained posterior priors},
  journal = {Journal of Statistical Planning and Inference},
  volume = {140},
  number = {4},
  pages = {887-906},
  year = {2010},
  issn = {0378-3758},
  doi = {10.1016/j.jspi.2009.09.022},
  url = {https://www.sciencedirect.com/science/article/pii/S0378375809003127},
  author = {Joris Mulder and Herbert Hoijtink and Irene Klugkist},
  keywords = {Bayesian model selection, Constrained posterior prior, Gibbs sampler, Inequality constraints, Multivariate normal linear model, Training samples},
}

@article{munafo_robust_2018,
	title = {Robust research needs many lines of evidence},
	volume = {553},
	copyright = {2020 Nature},
	url = {https://www.nature.com/articles/d41586-018-01023-3},
	doi = {10.1038/d41586-018-01023-3},
	abstract = {Replication is not enough. Marcus R. Munafò and George Davey Smith state the case for triangulation.},
	language = {en},
	number = {7689},
	urldate = {2020-08-24},
	journal = {Nature},
	author = {Munafò, Marcus R. and Smith, George Davey},
	month = jan,
	year = {2018},
	note = {Number: 7689
Publisher: Nature Publishing Group},
	pages = {399--401},
	file = {Snapshot:files/153/d41586-018-01023-3.html:text/html;Volledige Tekst:/Users/thomvolker/Zotero/storage/USA2KA9T/Munafò en Smith - 2018 - Robust research needs many lines of evidence.pdf:application/pdf}
}

@article{murnighan_roth_1983,
  author = {Murnighan, J. Keith and Roth, Alvin E.},
  title ={Expecting Continued Play in Prisoner's Dilemma Games: A Test of Several Models},
  journal = {Journal of Conflict Resolution},
  volume = {27},
  number = {2},
  pages = {279-300},
  year = {1983},
  doi = {10.1177/0022002783027002004},
  URL = {https://doi.org/10.1177/0022002783027002004},
  eprint = {https://doi.org/10.1177/0022002783027002004},
}


@article{neral_ochs_sequential_1992,
  title={The sequential equilibrium theory of reputation building: A further test},
  author={Neral, John and Ochs, Jack},
  journal={Econometrica},
  volume = {60},
  pages={1151--1169},
  year={1992},
  publisher={JSTOR},
  doi = {10.2307/2951542}
}

@article{nowak_sigmund_evolution_2005,
  title = {Evolution of indirect reciprocity},
  author = {Nowak, Martin A and Sigmund, Karl},
  journal = {Nature},
  volume = {437},
  number = {7063},
  pages = {1291--1298},
  year = {2005},
  publisher = {Nature Publishing Group},
  doi = {10.1038/nature04131},
  URL = {https://www.nature.com/articles/nature04131}
}

@article{nowak_five_2006,
  title={Five rules for the evolution of cooperation},
  author={Nowak, Martin A},
  journal={Science},
  volume={314},
  number={5805},
  pages={1560--1563},
  year={2006},
  publisher={American Association for the Advancement of Science}
}

@article{nowak_evolving_2012,
  title = {Evolving cooperation},
  journal = {Journal of Theoretical Biology},
  volume = {299},
  pages = {1-8},
  year = {2012},
  note = {Evolution of Cooperation},
  issn = {0022-5193},
  doi = {10.1016/j.jtbi.2012.01.014},
  url = {https://www.sciencedirect.com/science/article/pii/S002251931200015X},
  author = {Nowak, Martin A}
}

@article{ohagan_fractional_1995,
  title={Fractional Bayes factors for model comparison},
  author={O'Hagan, Anthony},
  journal={Journal of the Royal Statistical Society: Series B (Methodological)},
  volume={57},
  number={1},
  pages={99--118},
  year={1995},
  publisher={Wiley Online Library},
  doi={10.1111/j.2517-6161.1995.tb02017.x}
}

@article{open_science_collab_2015,
	title = {Estimating the reproducibility of psychological science},
	author = {{Open Science Collaboration}},
	volume = {349},
	issn = {0036-8075},
	url = {https://science.sciencemag.org/content/349/6251/aac4716},
	doi = {10.1126/science.aac4716},
	number = {6251},
	journal = {Science},
	year = {2015},
	note = {Publisher: American Association for the Advancement of Science
\_eprint: https://science.sciencemag.org/content/349/6251/aac4716.full.pdf}
}

@article{orbell_dawes_social_1993,
 ISSN = {00031224},
 URL = {http://www.jstor.org/stable/2095951},
 doi = {10.2307/2095951},
 author = {John M. Orbell and Robyn M. Dawes},
 journal = {American Sociological Review},
 number = {6},
 pages = {787--800},
 publisher = {[American Sociological Association, Sage Publications, Inc.]},
 title = {Social Welfare, Cooperators' Advantage, and the Option of Not Playing the Game},
 volume = {58},
 year = {1993}
}

@article{ostrom_behavioral_1998,
 ISSN = {00030554, 15375943},
 URL = {http://www.jstor.org/stable/2585925},
 author = {Elinor Ostrom},
 journal = {The American Political Science Review},
 number = {1},
 pages = {1--22},
 publisher = {[American Political Science Association, Cambridge University Press]},
 title = {A Behavioral Approach to the Rational Choice Theory of Collective Action},
 volume = {92},
 year = {1998},
 doi = {10.2307/2585925}
}

@article{perc_etal_statistical_2017,
  title = {Statistical physics of human cooperation},
  journal = {Physics Reports},
  volume = {687},
  pages = {1-51},
  year = {2017},
  note = {Statistical physics of human cooperation},
  issn = {0370-1573},
  doi = {10.1016/j.physrep.2017.05.004},
  url = {https://www.sciencedirect.com/science/article/pii/S0370157317301424},
  author = {Matjaž Perc and Jillian J. Jordan and David G. Rand and Zhen Wang and Stefano Boccaletti and Attila Szolnoki},
}

@article{pfeiffer_etal_value_2012,
  author = {Pfeiffer, Thomas  and Tran, Lily  and Krumme, Coco  and Rand, David G },
  title = {The value of reputation},
  journal = {Journal of The Royal Society Interface},
  volume = {9},
  number = {76},
  pages = {2791-2797},
  year = {2012},
  doi = {10.1098/rsif.2012.0332},
  URL = {https://royalsocietypublishing.org/doi/abs/10.1098/rsif.2012.0332},
  eprint = {https://royalsocietypublishing.org/doi/pdf/10.1098/rsif.2012.0332},
}

@article {rand_etal_dynamic_2012,
	author = {Rand, David G. and Arbesman, Samuel and Christakis, Nicholas A.},
	title = {Dynamic social networks promote cooperation in experiments with humans},
	volume = {108},
	number = {48},
	pages = {19193--19198},
	year = {2011},
	doi = {10.1073/pnas.1108243108},
	publisher = {National Academy of Sciences},
	issn = {0027-8424},
	URL = {https://www.pnas.org/content/108/48/19193},
	eprint = {https://www.pnas.org/content/108/48/19193.full.pdf},
	journal = {Proceedings of the National Academy of Sciences}
}

@article{rand_mechanical_turk_2012,
  title = {The promise of Mechanical Turk: How online labor markets can help theorists run behavioral experiments},
  journal = {Journal of Theoretical Biology},
  volume = {299},
  pages = {172-179},
  year = {2012},
  note = {Evolution of Cooperation},
  issn = {0022-5193},
  doi = {10.1016/j.jtbi.2011.03.004},
  url = {https://www.sciencedirect.com/science/article/pii/S0022519311001330},
  author = {David G. Rand},
}

@article{rapoport_order_1997,
  title={Order of play in strategically equivalent games in extensive form},
  author={Rapoport, Amnon},
  journal={International Journal of Game Theory},
  volume={26},
  number={1},
  pages={113--136},
  year={1997},
  publisher={Springer},
  doi = {10.1007/BF01262516}
}

@article{raub_weesie_reputation_1990,
  author = {Raub, Werner and Weesie, Jeroen},
  title = {Reputation and Efficiency in Social Interactions: An Example of Network Effects},
  journal = {American Journal of Sociology},
  volume = {96},
  number = {3},
  pages = {626-654},
  year = {1990},
  doi = {10.1086/229574},
  URL = {https://doi.org/10.1086/229574},
  eprint = {https://doi.org/10.1086/229574},
}

@article{reeves_2016_reductions,
    author = {Reeves, Aaron and Clair, Amy and McKee, Martin and Stuckler, David},
    title = "{Reductions in the United Kingdom's Government Housing Benefit and Symptoms of Depression in Low-Income Households}",
    journal = {American Journal of Epidemiology},
    volume = {184},
    number = {6},
    pages = {421-429},
    year = {2016},
    month = {09},
    issn = {0002-9262},
    doi = {10.1093/aje/kww055},
    url = {https://doi.org/10.1093/aje/kww055},
    eprint = {https://academic.oup.com/aje/article-pdf/184/6/421/17343111/kww055.pdf},
}

@unpublished{riedl_ule_2002,
  author = {Riedl, A. and Ule, A.},
  title = {Exclusion and cooperation in social network experiments},
  year = {2002},
  publisher = {Unpublished manuscript},
  url = {https://www.researchgate.net/profile/Arno-Riedl/publication/237666617_Exclusion_and_Cooperation_in_Social_Network_Experiments/links/02e7e52d48a2e40046000000/Exclusion-and-Cooperation-in-Social-Network-Experiments.pdf}
}

@article{roth_murnighan_1978,
  title = {Equilibrium behavior and repeated play of the prisoner's dilemma},
  journal = {Journal of Mathematical Psychology},
  volume = {17},
  number = {2},
  pages = {189-198},
  year = {1978},
  issn = {0022-2496},
  doi = {10.1016/0022-2496(78)90030-5},
  url = {https://www.sciencedirect.com/science/article/pii/0022249678900305},
  author = {Alvin E Roth and J.Keith Murnighan},
}

@article{sanchez_physics_2018,
  title={Physics of human cooperation: experimental evidence and theoretical models},
  author={S{\'a}nchez, Angel},
  journal={Journal of Statistical Mechanics: Theory and Experiment},
  volume={2018},
  number={2},
  pages={024001},
  year={2018},
  publisher={IOP Publishing},
  doi={10.1088/1742-5468/aaa388}
}

@techreport{schneider_weber_cooperation_2013,
  address = {Zurich},
  author  = {Schneider, Frédéric and Weber, Roberto, A.},
  institution = {University of Zurich Department of Economics},
  type    = {Working Paper},
  number  = {130},
  title   = {Long-term commitment and cooperation},
  year    = {2013},
  xmonth  = {Oct},
  url     = {https://papers.ssrn.com/sol3/papers.cfm?abstract_id=2334376}
}

@article{schonbrodt_sequential_2017,
  title={Sequential hypothesis testing with Bayes factors: Efficiently testing mean differences.},
  author={Sch{\"o}nbrodt, Felix D and Wagenmakers, Eric-Jan and Zehetleitner, Michael and Perugini, Marco},
  journal={Psychological methods},
  volume={22},
  number={2},
  pages={322},
  year={2017},
  publisher={American Psychological Association},
  doi={10.1037/met0000061}
}

@article{schuessler_exit_1989,
  author = {Rudolf Schuessler},
  title ={Exit Threats and Cooperation under Anonymity},
  journal = {Journal of Conflict Resolution},
  volume = {33},
  number = {4},
  pages = {728-749},
  year = {1989},
  doi = {10.1177/0022002789033004007},
  URL = {https://doi.org/10.1177/0022002789033004007},
  eprint = {https://doi.org/10.1177/0022002789033004007},
}

@article{seinen_schram_social_2006,
  title = {Social status and group norms: Indirect reciprocity in a repeated helping experiment},
  journal = {European Economic Review},
  volume = {50},
  number = {3},
  pages = {581-602},
  year = {2006},
  issn = {0014-2921},
  doi = {10.1016/j.euroecorev.2004.10.005},
  url = {https://www.sciencedirect.com/science/article/pii/S0014292104001138},
  author = {Ingrid Seinen and Arthur Schram},
  keywords = {Reciprocity, Experimental economics},
}

@article{selten_chain_1978,
  title={The chain store paradox},
  author={Selten, Reinhard},
  journal={Theory and decision},
  volume={9},
  number={2},
  pages={127--159},
  year={1978},
  publisher={Springer},
  doi={10.1007/BF00131770}
}

@article{sigmund_moral_2012,
  title = {Moral assessment in indirect reciprocity},
  journal = {Journal of Theoretical Biology},
  volume = {299},
  pages = {25-30},
  year = {2012},
  note = {Evolution of Cooperation},
  issn = {0022-5193},
  doi = {10.1016/j.jtbi.2011.03.024},
  url = {https://www.sciencedirect.com/science/article/pii/S0022519311001706},
  author = {Karl Sigmund},
  keywords = {Evolutionary game theory, Indirect reciprocity, Cooperation, Reputation},
}

@article{simpson_willer_beyond_2015,
  author = {Simpson, Brent and Willer, Robb},
  title = {Beyond Altruism: Sociological Foundations of Cooperation and Prosocial Behavior},
  journal = {Annual Review of Sociology},
  volume = {41},
  number = {1},
  pages = {43-63},
  year = {2015},
  doi = {10.1146/annurev-soc-073014-112242},
  URL = {https://doi.org/10.1146/annurev-soc-073014-112242},
  eprint = {https://doi.org/10.1146/annurev-soc-073014-112242},
}

@Inbook{snijders_keren_trust_2001,
  author={Snijders, Chris and Keren, Gideon},
  title={Do you trust? Whom do you trust? When do you trust?},
  series={Advances in Group Processes},
  year={2001},
  month={Jan},
  day={01},
  publisher={Emerald Group Publishing Limited},
  volume={18},
  pages={129-160},
  doi={10.1016/S0882-6145(01)18006-9},
  url={https://doi.org/10.1016/S0882-6145(01)18006-9}
}

@unpublished{sokolova_buskens_cooperation_2021,
  author = {Sokolova, Anna and Buskens, Vincent and Raub, Werner},
  title = {Cooperation through investments in repeated interactions and contractual agreements: An experimental study},
  year = {2021},
  publisher = {Unpublished manuscript},
}

@article{sutton_bayesian_meta2001,
  title={Bayesian methods in meta-analysis and evidence synthesis},
  author={Sutton, Alex J and Abrams, Keith R},
  journal={Statistical methods in medical research},
  volume={10},
  number={4},
  pages={277--303},
  year={2001},
  publisher={Sage Publications Sage CA: Thousand Oaks, CA},
  doi = {10.1177/096228020101000404}
}

@article{trivers_evolution_1971,
  title={The evolution of reciprocal altruism},
  author={Trivers, Robert L},
  journal={The Quarterly review of biology},
  volume={46},
  number={1},
  pages={35--57},
  year={1971},
  publisher={Stony Brook Foundation, Inc.}
}

@article{wang_cooperation_2012,
  title={Cooperation and assortativity with dynamic partner updating},
  author={Wang, Jing and Suri, Siddharth and Watts, Duncan J},
  journal={Proceedings of the National Academy of Sciences},
  volume={109},
  number={36},
  pages={14363--14368},
  year={2012},
  publisher={National Acad Sciences},
  doi={10.1073/pnas.1120867109}
}



@article{yamagishi_yamagishi_trust_1994,
  title={Trust and commitment in the {U}nited {S}tates and {J}apan},
  author={Yamagishi, Toshio and Yamagishi, Midori},
  journal={Motivation and emotion},
  volume={18},
  number={2},
  pages={129--166},
  year={1994},
  publisher={Springer},
  doi={10.1007/BF02249397}
}

@inproceedings{yamagishi_prisoners_1994,
	address = {Berlin, Heidelberg},
	title = {Prisoner's dilemma networks: {Selection} strategy versus action strategy},
	isbn = {978-3-642-78860-4},
	booktitle = {Social {Dilemmas} and {Cooperation}},
	publisher = {Springer Berlin Heidelberg},
	author = {Yamagishi, Toshio and Hayashi, Nahoko and Jin, Nobuhito},
	editor = {Schulz, Ulrich and Albers, Wulf and Mueller, Ulrich},
	year = {1994},
	pages = {233--250}
}

@article{zhang_etal_opting_2016,
  title={Opting out against defection leads to stable coexistence with cooperation},
  author={Zhang, Bo-Yu and Fan, Song-Jia and Li, Cong and Zheng, Xiu-Deng and Bao, Jian-Zhang and Cressman, Ross and Tao, Yi},
  journal={Scientific reports},
  volume={6},
  number={1},
  pages={1--7},
  year={2016},
  publisher={Nature Publishing Group},
  doi = {10.1038/srep35902}
}

@article{zondervan_robust_2020,
  title = {Robust longitudinal multi-cohort results: The development of self-control during adolescence},
  journal = {Developmental Cognitive Neuroscience},
  volume = {45},
  pages = {100817},
  year = {2020},
  issn = {1878-9293},
  doi = {10.1016/j.dcn.2020.100817},
  url = {https://www.sciencedirect.com/science/article/pii/S1878929320300657},
  author = {M.A.J. Zondervan-Zwijnenburg and J.S. Richards and S.T. Kevenaar and A.I. Becht and H.J.A. Hoijtink and A.J. Oldehinkel and S. Branje and W. Meeus and D.I. Boomsma},
  keywords = {Research synthesis, Informative hypotheses, Longitudinal analysis, Self-control, Sex differences},
}

@article{zondervan_parental_2019,
author = {Zondervan-Zwijnenburg, M. A. J. and Veldkamp, Sabine A.M. and Neumann, Alexander and Barzeva, Stefania A. and Nelemans, Stefanie A. and van Beijsterveldt, Catharina E.M. and Branje, Susan J.T. and Hillegers, Manon H.J. and Meeus, Wim H.J. and Tiemeier, Henning and Hoijtink, Herbert J.A. and Oldehinkel, Albertine J. and Boomsma, Dorret I.},
  sortname = {Zondervan-Zwijnenburg, M.A.J.},
  sortyear = {2020-2},
title = {Parental Age and Offspring Childhood Mental Health: A Multi-Cohort, Population-Based Investigation},
journal = {Child Development},
volume = {91},
number = {3},
pages = {964-982},
doi = {10.1111/cdev.13267},
url = {https://srcd.onlinelibrary.wiley.com/doi/abs/10.1111/cdev.13267},
eprint = {https://srcd.onlinelibrary.wiley.com/doi/pdf/10.1111/cdev.13267},
year = {2020}
}

